<?xml version="1.0" encoding="UTF-8"?><Document xmlns="urn:iso:std:iso:20022:tech:xsd:camt.052.001.02" xmlns:xsi="http://www.w3.org/2001/XMLSchema-instance" xsi:schemaLocation="urn:iso:std:iso:20022:tech:xsd:camt.052.001.02 camt.052.001.02.xsd"><BkToCstmrAcctRpt><GrpHdr><MsgId>camt52_20170325183600__ONLINEBA</MsgId><CreDtTm>2017-03-25T18:36:00+01:00</CreDtTm><MsgPgntn><PgNb>1</PgNb><LastPgInd>true</LastPgInd> </MsgPgntn></GrpHdr><Rpt><Id>camt052_ONLINEBA</Id><ElctrncSeqNb>00000</ElctrncSeqNb><CreDtTm>2017-03-25T18:36:00+01:00</CreDtTm><Acct><Id><IBAN>DE45370501981933418640</IBAN></Id><Ccy>EUR</Ccy><Svcr><FinInstnId><BIC>COLSDE33XXX</BIC><Nm>SPARKASSE KOELNBONN</Nm><Othr><Id>DE 122661493</Id><Issr>UmsStId</Issr></Othr></FinInstnId></Svcr></Acct><Bal><Tp><CdOrPrtry><Cd>PRCD</Cd></CdOrPrtry></Tp><Amt Ccy="EUR">1669.25</Amt><CdtDbtInd>CRDT</CdtDbtInd><Dt><Dt>2016-12-29</Dt></Dt></Bal><Bal><Tp><CdOrPrtry><Cd>CLBD</Cd></CdOrPrtry></Tp><Amt Ccy="EUR">1669.25</Amt><CdtDbtInd>CRDT</CdtDbtInd><Dt><Dt>2016-12-30</Dt></Dt></Bal><Ntry><Amt Ccy="EUR">0.00</Amt><CdtDbtInd>CRDT</CdtDbtInd><Sts>BOOK</Sts><BookgDt><Dt>2016-12-30</Dt></BookgDt><ValDt><Dt>2017-01-01</Dt></ValDt><AcctSvcrRef>NONREF</AcctSvcrRef><BkTxCd/><NtryDtls><TxDtls><Refs><Prtry><Tp>FI-UMSATZ-ID</Tp><Ref>2016-12-30-23.04.06.000001</Ref></Prtry></Refs><BkTxCd><Prtry><Cd>NINT+805+6666+000</Cd><Issr>DK</Issr></Prtry></BkTxCd><RltdPties><DbtrAcct><Id><Othr><Id>1933418640</Id></Othr></Id></DbtrAcct><CdtrAcct><Id><Othr><Id>0000000000</Id></Othr></Id></CdtrAcct></RltdPties><RltdAgts><DbtrAgt><FinInstnId><Nm>SPARKASSE KOELNBONN</Nm><Othr><Id>37050198</Id></Othr></FinInstnId></DbtrAgt><CdtrAgt><FinInstnId><Nm>SPARKASSE KOELNBONN</Nm><Othr><Id>37050198</Id></Othr></FinInstnId></CdtrAgt></RltdAgts><RmtInf><Ustrd>Abrechnung 30.12.2016      siehe Anlage</Ustrd></RmtInf></TxDtls></NtryDtls><AddtlNtryInf>ABSCHLUSS</AddtlNtryInf></Ntry></Rpt></BkToCstmrAcctRpt></Document>