<?xml version="1.0" encoding="UTF-8"?><Document xmlns="urn:iso:std:iso:20022:tech:xsd:camt.052.001.02" xmlns:xsi="http://www.w3.org/2001/XMLSchema-instance" xsi:schemaLocation="urn:iso:std:iso:20022:tech:xsd:camt.052.001.02 camt.052.001.02.xsd"><BkToCstmrAcctRpt><GrpHdr><MsgId>camt52_20170325183600__ONLINEBA</MsgId><CreDtTm>2017-03-25T18:36:00+01:00</CreDtTm><MsgPgntn><PgNb>1</PgNb><LastPgInd>true</LastPgInd> </MsgPgntn></GrpHdr><Rpt><Id>camt052_ONLINEBA</Id><ElctrncSeqNb>00000</ElctrncSeqNb><CreDtTm>2017-03-25T18:36:00+01:00</CreDtTm><Acct><Id><IBAN>DE45370501981933418640</IBAN></Id><Ccy>EUR</Ccy><Svcr><FinInstnId><BIC>COLSDE33XXX</BIC><Nm>SPARKASSE KOELNBONN</Nm><Othr><Id>DE 122661493</Id><Issr>UmsStId</Issr></Othr></FinInstnId></Svcr></Acct><Bal><Tp><CdOrPrtry><Cd>PRCD</Cd></CdOrPrtry></Tp><Amt Ccy="EUR">1103.50</Amt><CdtDbtInd>CRDT</CdtDbtInd><Dt><Dt>2017-02-08</Dt></Dt></Bal><Bal><Tp><CdOrPrtry><Cd>CLBD</Cd></CdOrPrtry></Tp><Amt Ccy="EUR">1115.81</Amt><CdtDbtInd>CRDT</CdtDbtInd><Dt><Dt>2017-02-10</Dt></Dt></Bal><Ntry><Amt Ccy="EUR">12.31</Amt><CdtDbtInd>CRDT</CdtDbtInd><Sts>BOOK</Sts><BookgDt><Dt>2017-02-10</Dt></BookgDt><ValDt><Dt>2017-02-10</Dt></ValDt><AcctSvcrRef>NONREF</AcctSvcrRef><BkTxCd/><NtryDtls><TxDtls><Refs><Prtry><Tp>FI-UMSATZ-ID</Tp><Ref>2017-02-10-10.05.42.443981</Ref></Prtry></Refs><BkTxCd><Prtry><Cd>NTRF+166+9251+000</Cd><Issr>DK</Issr></Prtry></BkTxCd><RltdPties><Dbtr><Nm>Mahajan, Shweta Shashikant</Nm></Dbtr><DbtrAcct><Id><IBAN>DE50380700240071845200</IBAN></Id></DbtrAcct><Cdtr><Nm>Djordje Vukcevic</Nm></Cdtr> <CdtrAcct><Id><IBAN>DE45370501981933418640</IBAN></Id></CdtrAcct></RltdPties><RltdAgts><DbtrAgt><FinInstnId><BIC>DEUTDEDB380</BIC></FinInstnId></DbtrAgt><CdtrAgt><FinInstnId><BIC>COLSDE33XXX</BIC></FinInstnId></CdtrAgt></RltdAgts><RmtInf><Ustrd>9,31 (Farewell Party) + 3,00 (BVB Stadium Tour after subtracting KFC contribution)</Ustrd></RmtInf></TxDtls></NtryDtls><AddtlNtryInf>GUTSCHRIFT</AddtlNtryInf></Ntry></Rpt></BkToCstmrAcctRpt></Document>