<?xml version="1.0" encoding="UTF-8"?><Document xmlns="urn:iso:std:iso:20022:tech:xsd:camt.052.001.02" xmlns:xsi="http://www.w3.org/2001/XMLSchema-instance" xsi:schemaLocation="urn:iso:std:iso:20022:tech:xsd:camt.052.001.02 camt.052.001.02.xsd"><BkToCstmrAcctRpt><GrpHdr><MsgId>camt52_20170325183600__ONLINEBA</MsgId><CreDtTm>2017-03-25T18:36:00+01:00</CreDtTm><MsgPgntn><PgNb>1</PgNb><LastPgInd>true</LastPgInd> </MsgPgntn></GrpHdr><Rpt><Id>camt052_ONLINEBA</Id><ElctrncSeqNb>00000</ElctrncSeqNb><CreDtTm>2017-03-25T18:36:00+01:00</CreDtTm><Acct><Id><IBAN>DE45370501981933418640</IBAN></Id><Ccy>EUR</Ccy><Svcr><FinInstnId><BIC>COLSDE33XXX</BIC><Nm>SPARKASSE KOELNBONN</Nm><Othr><Id>DE 122661493</Id><Issr>UmsStId</Issr></Othr></FinInstnId></Svcr></Acct><Bal><Tp><CdOrPrtry><Cd>PRCD</Cd></CdOrPrtry></Tp><Amt Ccy="EUR">1437.49</Amt><CdtDbtInd>CRDT</CdtDbtInd><Dt><Dt>2017-01-06</Dt></Dt></Bal><Bal><Tp><CdOrPrtry><Cd>CLBD</Cd></CdOrPrtry></Tp><Amt Ccy="EUR">1417.49</Amt><CdtDbtInd>CRDT</CdtDbtInd><Dt><Dt>2017-01-12</Dt></Dt></Bal><Ntry><Amt Ccy="EUR">20.00</Amt><CdtDbtInd>DBIT</CdtDbtInd><Sts>BOOK</Sts><BookgDt><Dt>2017-01-12</Dt></BookgDt><ValDt><Dt>2017-01-11</Dt></ValDt><AcctSvcrRef>NONREF</AcctSvcrRef><BkTxCd/><NtryDtls><TxDtls><Refs><EndToEndId>00003428002553110117155949</EndToEndId><Prtry><Tp>FI-UMSATZ-ID</Tp><Ref>2017-01-12-07.06.10.642005</Ref></Prtry></Refs><BkTxCd><Prtry><Cd>NDDT+106+9200+003</Cd><Issr>DK</Issr></Prtry></BkTxCd><RltdPties><Dbtr><Nm>ISSUER</Nm></Dbtr><DbtrAcct><Id><IBAN>DE45370501981933418640</IBAN></Id></DbtrAcct><Cdtr><Nm>KREISSPARKASSE KÖLN                                                   Neumarkt 18-24</Nm></Cdtr> <CdtrAcct><Id><IBAN>DE22370502999000481413</IBAN></Id></CdtrAcct><UltmtCdtr><Nm>HUMA-MARKT//KREISSPARKASSE KÖLN/DE</Nm></UltmtCdtr></RltdPties><RltdAgts><DbtrAgt><FinInstnId><BIC>COLSDE33XXX</BIC></FinInstnId></DbtrAgt><CdtrAgt><FinInstnId><BIC>COKSDE33XXX</BIC></FinInstnId></CdtrAgt></RltdAgts><Purp><Cd>CDCD</Cd></Purp><RmtInf><Ustrd>2017-01-11T15:59:49 Karte0 2020-12</Ustrd></RmtInf></TxDtls></NtryDtls><AddtlNtryInf>AUSZAHLUNG</AddtlNtryInf></Ntry></Rpt></BkToCstmrAcctRpt></Document>