<?xml version="1.0" encoding="UTF-8"?><Document xmlns="urn:iso:std:iso:20022:tech:xsd:camt.052.001.02" xmlns:xsi="http://www.w3.org/2001/XMLSchema-instance" xsi:schemaLocation="urn:iso:std:iso:20022:tech:xsd:camt.052.001.02 camt.052.001.02.xsd"><BkToCstmrAcctRpt><GrpHdr><MsgId>camt52_20170325183600__ONLINEBA</MsgId><CreDtTm>2017-03-25T18:36:00+01:00</CreDtTm><MsgPgntn><PgNb>1</PgNb><LastPgInd>true</LastPgInd> </MsgPgntn></GrpHdr><Rpt><Id>camt052_ONLINEBA</Id><ElctrncSeqNb>00000</ElctrncSeqNb><CreDtTm>2017-03-25T18:36:00+01:00</CreDtTm><Acct><Id><IBAN>DE45370501981933418640</IBAN></Id><Ccy>EUR</Ccy><Svcr><FinInstnId><BIC>COLSDE33XXX</BIC><Nm>SPARKASSE KOELNBONN</Nm><Othr><Id>DE 122661493</Id><Issr>UmsStId</Issr></Othr></FinInstnId></Svcr></Acct><Bal><Tp><CdOrPrtry><Cd>PRCD</Cd></CdOrPrtry></Tp><Amt Ccy="EUR">1099.51</Amt><CdtDbtInd>CRDT</CdtDbtInd><Dt><Dt>2017-02-17</Dt></Dt></Bal><Bal><Tp><CdOrPrtry><Cd>CLBD</Cd></CdOrPrtry></Tp><Amt Ccy="EUR">1039.31</Amt><CdtDbtInd>CRDT</CdtDbtInd><Dt><Dt>2017-03-01</Dt></Dt></Bal><Ntry><Amt Ccy="EUR">50.00</Amt><CdtDbtInd>DBIT</CdtDbtInd><Sts>BOOK</Sts><BookgDt><Dt>2017-03-01</Dt></BookgDt><ValDt><Dt>2017-03-01</Dt></ValDt><AcctSvcrRef>NONREF</AcctSvcrRef><BkTxCd/><NtryDtls><TxDtls><Refs><Prtry><Tp>FI-UMSATZ-ID</Tp><Ref>2017-03-01-09.05.06.249947</Ref></Prtry></Refs><BkTxCd><Prtry><Cd>NMSC+083+3676+003</Cd><Issr>DK</Issr></Prtry></BkTxCd><RltdPties><Dbtr><Nm>000611     2012        0000</Nm></Dbtr><DbtrAcct><Id><Othr><Id>1933418640</Id></Othr></Id></DbtrAcct><Cdtr><Nm>GA NR00003676 BLZ37050198 0</Nm></Cdtr> <CdtrAcct><Id><Othr><Id>0000000000</Id></Othr></Id></CdtrAcct></RltdPties><RltdAgts><DbtrAgt><FinInstnId><Nm>SPARKASSE KOELNBONN</Nm><Othr><Id>37050198</Id></Othr></FinInstnId></DbtrAgt><CdtrAgt><FinInstnId><Nm>SPARKASSE KOELNBONN</Nm><Othr><Id>37050198</Id></Othr></FinInstnId></CdtrAgt></RltdAgts><RmtInf><Ustrd>01.03/09.04UHR TANNENB.</Ustrd></RmtInf></TxDtls></NtryDtls><AddtlNtryInf>AUSZAHLUNG</AddtlNtryInf></Ntry><Ntry><Amt Ccy="EUR">10.20</Amt><CdtDbtInd>DBIT</CdtDbtInd><Sts>BOOK</Sts><BookgDt><Dt>2017-03-01</Dt></BookgDt><ValDt><Dt>2017-03-01</Dt></ValDt><AcctSvcrRef>NONREF</AcctSvcrRef><BkTxCd/><NtryDtls><TxDtls><Refs><EndToEndId>65569902016079280217123922</EndToEndId><Prtry><Tp>FI-UMSATZ-ID</Tp><Ref>2017-03-01-10.43.52.747345</Ref></Prtry></Refs><BkTxCd><Prtry><Cd>NDDT+106+9250+011</Cd><Issr>DK</Issr></Prtry></BkTxCd><RltdPties><Dbtr><Nm>ISSUER</Nm></Dbtr><DbtrAcct><Id><IBAN>DE45370501981933418640</IBAN></Id></DbtrAcct><Cdtr><Nm>EUROPA- APOTHEKE</Nm></Cdtr> <CdtrAcct><Id><IBAN>DE19300500000001458710</IBAN></Id></CdtrAcct><UltmtCdtr><Nm>EUROPA APOTHEKE//BONN/DE</Nm></UltmtCdtr></RltdPties><RltdAgts><DbtrAgt><FinInstnId><BIC>COLSDE33XXX</BIC></FinInstnId></DbtrAgt><CdtrAgt><FinInstnId><BIC>WELADEDDXXX</BIC></FinInstnId></CdtrAgt></RltdAgts><Purp><Cd>IDCP</Cd></Purp><RmtInf><Ustrd>2017-02-28T12:39:22 Karte0 2020-12</Ustrd></RmtInf></TxDtls></NtryDtls><AddtlNtryInf>KARTENZAHLUNG</AddtlNtryInf></Ntry></Rpt></BkToCstmrAcctRpt></Document>