<?xml version="1.0" encoding="UTF-8"?><Document xmlns="urn:iso:std:iso:20022:tech:xsd:camt.052.001.02" xmlns:xsi="http://www.w3.org/2001/XMLSchema-instance" xsi:schemaLocation="urn:iso:std:iso:20022:tech:xsd:camt.052.001.02 camt.052.001.02.xsd"><BkToCstmrAcctRpt><GrpHdr><MsgId>camt52_20170325183600__ONLINEBA</MsgId><CreDtTm>2017-03-25T18:36:00+01:00</CreDtTm><MsgPgntn><PgNb>1</PgNb><LastPgInd>true</LastPgInd> </MsgPgntn></GrpHdr><Rpt><Id>camt052_ONLINEBA</Id><ElctrncSeqNb>00000</ElctrncSeqNb><CreDtTm>2017-03-25T18:36:00+01:00</CreDtTm><Acct><Id><IBAN>DE45370501981933418640</IBAN></Id><Ccy>EUR</Ccy><Svcr><FinInstnId><BIC>COLSDE33XXX</BIC><Nm>SPARKASSE KOELNBONN</Nm><Othr><Id>DE 122661493</Id><Issr>UmsStId</Issr></Othr></FinInstnId></Svcr></Acct><Bal><Tp><CdOrPrtry><Cd>PRCD</Cd></CdOrPrtry></Tp><Amt Ccy="EUR">792.75</Amt><CdtDbtInd>CRDT</CdtDbtInd><Dt><Dt>2017-03-07</Dt></Dt></Bal><Bal><Tp><CdOrPrtry><Cd>CLBD</Cd></CdOrPrtry></Tp><Amt Ccy="EUR">789.26</Amt><CdtDbtInd>CRDT</CdtDbtInd><Dt><Dt>2017-03-13</Dt></Dt></Bal><Ntry><Amt Ccy="EUR">3.49</Amt><CdtDbtInd>DBIT</CdtDbtInd><Sts>BOOK</Sts><BookgDt><Dt>2017-03-13</Dt></BookgDt><ValDt><Dt>2017-03-13</Dt></ValDt><AcctSvcrRef>NONREF</AcctSvcrRef><BkTxCd/><NtryDtls><TxDtls><Refs><EndToEndId>65378188009004100317170910</EndToEndId><Prtry><Tp>FI-UMSATZ-ID</Tp><Ref>2017-03-13-10.05.43.734285</Ref></Prtry></Refs><BkTxCd><Prtry><Cd>NDDT+106+9250+011</Cd><Issr>DK</Issr></Prtry></BkTxCd><RltdPties><Dbtr><Nm>ISSUER</Nm></Dbtr><DbtrAcct><Id><IBAN>DE45370501981933418640</IBAN></Id></DbtrAcct><Cdtr><Nm>ACTION DEUTSCHLAND GMBH</Nm></Cdtr> <CdtrAcct><Id><IBAN>DE71500400000600178805</IBAN></Id></CdtrAcct><UltmtCdtr><Nm>ACTION DEUTSCHLAND//BONN-TANNENBUSCH/DE</Nm></UltmtCdtr></RltdPties><RltdAgts><DbtrAgt><FinInstnId><BIC>COLSDE33XXX</BIC></FinInstnId></DbtrAgt><CdtrAgt><FinInstnId><BIC>COBADEFFXXX</BIC></FinInstnId></CdtrAgt></RltdAgts><Purp><Cd>IDCP</Cd></Purp><RmtInf><Ustrd>2017-03-10T17:09:10 Karte0 2020-12</Ustrd></RmtInf></TxDtls></NtryDtls><AddtlNtryInf>KARTENZAHLUNG</AddtlNtryInf></Ntry></Rpt></BkToCstmrAcctRpt></Document>