<?xml version="1.0" encoding="UTF-8"?><Document xmlns="urn:iso:std:iso:20022:tech:xsd:camt.052.001.02" xmlns:xsi="http://www.w3.org/2001/XMLSchema-instance" xsi:schemaLocation="urn:iso:std:iso:20022:tech:xsd:camt.052.001.02 camt.052.001.02.xsd"><BkToCstmrAcctRpt><GrpHdr><MsgId>camt52_20170325183600__ONLINEBA</MsgId><CreDtTm>2017-03-25T18:36:00+01:00</CreDtTm><MsgPgntn><PgNb>1</PgNb><LastPgInd>true</LastPgInd> </MsgPgntn></GrpHdr><Rpt><Id>camt052_ONLINEBA</Id><ElctrncSeqNb>00000</ElctrncSeqNb><CreDtTm>2017-03-25T18:36:00+01:00</CreDtTm><Acct><Id><IBAN>DE45370501981933418640</IBAN></Id><Ccy>EUR</Ccy><Svcr><FinInstnId><BIC>COLSDE33XXX</BIC><Nm>SPARKASSE KOELNBONN</Nm><Othr><Id>DE 122661493</Id><Issr>UmsStId</Issr></Othr></FinInstnId></Svcr></Acct><Bal><Tp><CdOrPrtry><Cd>PRCD</Cd></CdOrPrtry></Tp><Amt Ccy="EUR">737.27</Amt><CdtDbtInd>CRDT</CdtDbtInd><Dt><Dt>2017-03-14</Dt></Dt></Bal><Bal><Tp><CdOrPrtry><Cd>CLBD</Cd></CdOrPrtry></Tp><Amt Ccy="EUR">709.37</Amt><CdtDbtInd>CRDT</CdtDbtInd><Dt><Dt>2017-03-15</Dt></Dt></Bal><Ntry><Amt Ccy="EUR">27.90</Amt><CdtDbtInd>DBIT</CdtDbtInd><Sts>BOOK</Sts><BookgDt><Dt>2017-03-15</Dt></BookgDt><ValDt><Dt>2017-03-15</Dt></ValDt><AcctSvcrRef>NONREF</AcctSvcrRef><BkTxCd/><NtryDtls><TxDtls><Refs><EndToEndId>65569902016441140317120311</EndToEndId><Prtry><Tp>FI-UMSATZ-ID</Tp><Ref>2017-03-15-06.35.45.077527</Ref></Prtry></Refs><BkTxCd><Prtry><Cd>NDDT+106+9250+011</Cd><Issr>DK</Issr></Prtry></BkTxCd><RltdPties><Dbtr><Nm>ISSUER</Nm></Dbtr><DbtrAcct><Id><IBAN>DE45370501981933418640</IBAN></Id></DbtrAcct><Cdtr><Nm>EUROPA- APOTHEKE</Nm></Cdtr> <CdtrAcct><Id><IBAN>DE19300500000001458710</IBAN></Id></CdtrAcct><UltmtCdtr><Nm>EUROPA APOTHEKE//BONN/DE</Nm></UltmtCdtr></RltdPties><RltdAgts><DbtrAgt><FinInstnId><BIC>COLSDE33XXX</BIC></FinInstnId></DbtrAgt><CdtrAgt><FinInstnId><BIC>WELADEDDXXX</BIC></FinInstnId></CdtrAgt></RltdAgts><Purp><Cd>IDCP</Cd></Purp><RmtInf><Ustrd>2017-03-14T12:03:11 Karte0 2020-12</Ustrd></RmtInf></TxDtls></NtryDtls><AddtlNtryInf>KARTENZAHLUNG</AddtlNtryInf></Ntry></Rpt></BkToCstmrAcctRpt></Document>